<record><leader>00000cas a22000007a 4500</leader><controlfield tag="001">40704660</controlfield><controlfield tag="008">990129d195119uucauwr ne      0    0eng d</controlfield><datafield ind1=" " ind2=" " tag="010"><subfield code="a">sn 98061743 </subfield></datafield><datafield ind1=" " ind2=" " tag="040"><subfield code="a">CNK</subfield><subfield code="b">eng</subfield><subfield code="c">CNK</subfield><subfield code="d">OCLCQ</subfield><subfield code="d">OCLCF</subfield><subfield code="d">OCLCO</subfield></datafield><datafield ind1="1" ind2=" " tag="029"><subfield code="a">AU@</subfield><subfield code="b">000014598827</subfield></datafield><datafield ind1=" " ind2=" " tag="042"><subfield code="a">msc</subfield></datafield><datafield ind1="0" ind2=" " tag="130"><subfield code="a">Pacific Grove tribune (Pacific Grove, Calif. : 1951)</subfield></datafield><datafield ind1="0" ind2="0" tag="245"><subfield code="a">Pacific Grove tribune.</subfield></datafield><datafield ind1=" " ind2=" " tag="260"><subfield code="a">Pacific Grove, Calif. :</subfield><subfield code="b">Jack Galvin</subfield></datafield><datafield ind1=" " ind2=" " tag="300"><subfield code="a">v.</subfield></datafield><datafield ind1=" " ind2=" " tag="310"><subfield code="a">Weekly</subfield></datafield><datafield ind1="0" ind2=" " tag="362"><subfield code="a">Vol. 61, no. 52 (Nov. 2, 1951)-</subfield></datafield><datafield ind1=" " ind2="0" tag="651"><subfield code="a">Pacific Grove (Calif.)</subfield><subfield code="v">Newspapers.</subfield></datafield><datafield ind1=" " ind2="7" tag="655"><subfield code="a">Newspapers.</subfield><subfield code="2">fast</subfield><subfield code="0">(OCoLC)fst01423814</subfield></datafield><datafield ind1=" " ind2="7" tag="651"><subfield code="a">California</subfield><subfield code="z">Pacific Grove.</subfield><subfield code="2">fast</subfield><subfield code="0">(OCoLC)fst01206167</subfield></datafield><datafield ind1=" " ind2=" " tag="752"><subfield code="a">United States</subfield><subfield code="b">California</subfield><subfield code="c">Monterey</subfield><subfield code="d">Pacific Grove.</subfield></datafield><datafield ind1="0" ind2="0" tag="780"><subfield code="t">Tribune (Pacific Grove, Calif.)</subfield><subfield code="w">(DLC)sn 95062422</subfield></datafield></record>